<record><leader>00000cas a2200000 a 4500</leader><controlfield tag="001">34740070</controlfield><controlfield tag="006">m     o  d        </controlfield><controlfield tag="007">cu uuu||||||||</controlfield><controlfield tag="008">960516c19959999nbudn n o     0    0eng d</controlfield><datafield ind1=" " ind2=" " tag="010"><subfield code="a">sn 96080162 </subfield></datafield><datafield ind1=" " ind2=" " tag="040"><subfield code="a">NVG</subfield><subfield code="b">eng</subfield><subfield code="c">NVG</subfield><subfield code="d">OCL</subfield><subfield code="d">OCLCQ</subfield><subfield code="d">OCLCF</subfield><subfield code="d">OCLCO</subfield><subfield code="d">OCLCQ</subfield></datafield><datafield ind1=" " ind2=" " tag="042"><subfield code="a">msc</subfield></datafield><datafield ind1=" " ind2=" " tag="043"><subfield code="a">n-us-nb</subfield></datafield><datafield ind1="0" ind2=" " tag="130"><subfield code="a">Hastings tribune (Online)</subfield></datafield><datafield ind1="1" ind2="4" tag="245"><subfield code="a">The Hastings tribune.</subfield></datafield><datafield ind1="3" ind2="0" tag="246"><subfield code="a">Hastings tribune Internet edition</subfield></datafield><datafield ind1=" " ind2=" " tag="250"><subfield code="a">Internet ed.</subfield></datafield><datafield ind1=" " ind2=" " tag="260"><subfield code="a">Hastings, Neb. :</subfield><subfield code="b">Hastings Tribune and Computer Consultants of Hastings</subfield></datafield><datafield ind1=" " ind2=" " tag="310"><subfield code="a">Daily (except Sun.)</subfield></datafield><datafield ind1=" " ind2=" " tag="336"><subfield code="a">text</subfield><subfield code="b">txt</subfield><subfield code="2">rdacontent</subfield></datafield><datafield ind1=" " ind2=" " tag="337"><subfield code="a">computer</subfield><subfield code="b">c</subfield><subfield code="2">rdamedia</subfield></datafield><datafield ind1=" " ind2=" " tag="338"><subfield code="a">online resource</subfield><subfield code="b">cr</subfield><subfield code="2">rdacarrier</subfield></datafield><datafield ind1="1" ind2=" " tag="362"><subfield code="a">Began June 12, 1995.</subfield></datafield><datafield ind1=" " ind2=" " tag="515"><subfield code="a">Preceded by a prototype issue, published June 6-10, 1995.</subfield></datafield><datafield ind1=" " ind2=" " tag="515"><subfield code="a">Issues for Aug. 15, 1995- called Internet ed.</subfield></datafield><datafield ind1=" " ind2=" " tag="530"><subfield code="a">Print ed.: Hastings tribune.</subfield></datafield><datafield ind1=" " ind2=" " tag="538"><subfield code="a">Mode of access: World Wide Web.</subfield></datafield><datafield ind1=" " ind2=" " tag="588"><subfield code="a">Description based on: June 22, 1995; title from title screen.</subfield></datafield><datafield ind1=" " ind2="0" tag="651"><subfield code="a">Hastings (Neb.)</subfield><subfield code="v">Newspapers.</subfield></datafield><datafield ind1=" " ind2="7" tag="651"><subfield code="a">Nebraska</subfield><subfield code="z">Hastings.</subfield><subfield code="2">fast</subfield><subfield code="0">(OCoLC)fst01218844</subfield></datafield><datafield ind1=" " ind2="7" tag="655"><subfield code="a">Newspapers.</subfield><subfield code="2">fast</subfield><subfield code="0">(OCoLC)fst01423814</subfield></datafield><datafield ind1=" " ind2=" " tag="752"><subfield code="a">United States</subfield><subfield code="b">Nebraska</subfield><subfield code="c">Adams</subfield><subfield code="d">Hastings.</subfield></datafield><datafield ind1="1" ind2=" " tag="776"><subfield code="t">Hastings tribune</subfield><subfield code="w">(DLC)sn 95073174</subfield></datafield><datafield ind1="4" ind2=" " tag="856"><subfield code="u">http://www.cnweb.com/tribune/</subfield></datafield><datafield ind1="1" ind2=" " tag="029"><subfield code="a">AU@</subfield><subfield code="b">000012500946</subfield></datafield></record>